<?xml version="1.0" encoding="UTF-8"?><record xmlns="http://www.loc.gov/MARC21/slim" xmlns:cinclude="http://apache.org/cocoon/include/1.0" xmlns:zs="http://www.loc.gov/zing/srw/">
  <leader>00377nz  a2200121n  4500</leader>
  <controlfield tag="001">n  94097118 </controlfield>
  <controlfield tag="003">DLC</controlfield>
  <controlfield tag="005">19941011081604.8</controlfield>
  <controlfield tag="008">941011n| acannaab|          |n aaa |||  </controlfield>
  <datafield tag="010" ind1=" " ind2=" ">
    <subfield code="a">n  94097118 </subfield>
  </datafield>
  <datafield tag="040" ind1=" " ind2=" ">
    <subfield code="a">DLC</subfield>
    <subfield code="c">DLC</subfield>
  </datafield>
  <datafield tag="100" ind1="1" ind2="0">
    <subfield code="a">Ganti, Narsim,</subfield>
    <subfield code="d">1946-</subfield>
  </datafield>
  <datafield tag="670" ind1=" " ind2=" ">
    <subfield code="a">The transition of legacy systems to a distributed architecture, 1994:</subfield>
    <subfield code="b">CIP t.p. (Narsim Ganti) data sheet (b. 10-31-46)</subfield>
  </datafield>
</record>